@inproceedings{Dijkstra:SOSP:1967,
  author = {Edsger W. Dijkstra},
  title = "{The Structure of the ``THE'' Multiprogramming System}",
  booktitle = {Proceedings of the 1st ACM Symposium on Operating System Principles (SOSP'67)},
  year = {1967},
  month = OCT,
}

@misc{k8s,
  title = "{Kubernetes}",
  howpublished = {\url{https://kubernetes.io/}},
  year = {2024}
}

